<?xml version="1.0" encoding="UTF-8"?><collection xmlns="http://www.loc.gov/MARC21/slim"><record><leader>00329nam--2200121-i-4500</leader><controlfield tag="001">000026039</controlfield><controlfield tag="002">20161230</controlfield><controlfield tag="005">20161230201036</controlfield><controlfield tag="008">060222s1000------------r-----000-0-eng-d</controlfield><datafield ind1=" " ind2=" " tag="245"><subfield code="a">Experimental thermochemistry.measurements of heats of reaction</subfield></datafield><datafield ind1=" " ind2=" " tag="260"><subfield code="a">New York, Interscience, 1956. 326p</subfield></datafield><datafield ind1=" " ind2=" " tag="700"><subfield code="a">Rossini, Fr</subfield></datafield><datafield ind1=" " ind2=" " tag="852"><subfield code="a">12084</subfield></datafield></record></collection>